=LDR  01668cas a2200481 i 4500
=001  020174549
=003  Uk
=005  20220906091717.0
=006  m\\\\\\\\d\\\\\\\\
=007  cr\|||||||||||
=008  210428c\\\\9999\\\\\\p\s\\\\\0\\\a0eng\\
=FMT  \\$a  SE
=022  \\$y2690-2702
=037  \\$aISSN_26902702_74$bPortico$nLippincott Williams & Wilkins
=040  \\$aUk$beng$cUk$erda
=082  04$a617.413$223
=245  00$aJournal of Vascular Anomalies
=264  \1$a[Philadelphia]$bLippincott, Williams & Watkins$c[2021]
=336  \\$atext$2rdacontent
=337  \\$acomputer$2rdamedia
=338  \\$aonline resource$2rdacarrier
=538  \\$aMode of access: World Wide Web.
=540  \\$aCurrent copyright fee: zero$c20\0$5Uk
=859  \\$aELD$bejournal
=856  \\$31850-9999$uhttp://journals.lww.com/pages/default.aspx$xBLDSS
=852  41$aBritish Library$bHMNTS$jELD Digital store$3Volume 1:Issue 1(2020)-
=945  \\$aJournal of Vascular Anomalies
=979  \\$aBritish Library$bDSC$j5072.263800N
=CAT  \\$a12654$b40$c20210428$lBLL01$h0928
=CAT  \\$a12654$b40$c20210428$lBLL01$h0929
=CAT  \\$a12654$b40$c20210428$lBLL01$h0934
=CAT  \\$a12654$b40$c20210428$lBLL01$h0935
=CAT  \\$aBATCH-UNOA$c20210504$lBLL01$h2105
=CAT  \\$aBLDSS-3PM$b00$c20210505$lBLL01$h1510
=CAT  \\$aBATCH-UPD$b00$c20210505$lBLL01$h1512
=CAT  \\$a5410$b40$c20210511$lBLL01$h1421
=CAT  \\$a11450$b40$c20220906$lBLL01$h0917
=CFI  0\$aCurrent copyright fee: zero$c20\0$e28-apr-2021$fGBP0.00$g0$hP$5Uk
=EST  \\$a1
=FFP  \\$aY$bBLDSS-3PM
=TOC  \\$aETOC
=UNO  \\$aY
=LAS  \\$a11450$b40$c20220906$lBLL01$h0917

