=LDR  01307cas a2200409 i 4500
=001  019833531
=003  Uk
=005  20220204180716.0
=006  m\\\\\\\\d\\\\\\\\
=007  cr\|||||||||||
=008  200707c\\\\9999\\\\\\p\s\\\\\0\\\a0eng\\
=FMT  \\$a  SE
=022  \\$y2666-2256
=037  \\$aISSN_26662256_8$bPortico$nElsevier
=040  \\$aUk$beng$cUk$erda
=245  00$aForensic Imaging
=264  \1$aAmsterdam$bElsevier$c[2020]
=336  \\$atext$2rdacontent
=337  \\$acomputer$2rdamedia
=338  \\$aonline resource$2rdacarrier
=538  \\$aMode of access: World Wide Web.
=540  \\$aCurrent copyright fee: zero$c5\1$5Uk
=856  \\$31850-9999$uhttp://www.sciencedirect.com/$xBLDSS
=859  \\$aELD$bejournal
=852  41$aBritish Library$bHMNTS$jELD Digital store$3Volume 20(2020)-
=945  \\$aForensic Imaging
=979  \\$a3987.726700N
=CAT  \\$a12654$b40$c20200707$lBLL01$h1215
=CAT  \\$aBLDSS-3PM$b00$c20200717$lBLL01$h1045
=CAT  \\$aBATCH-UPD$b00$c20200717$lBLL01$h1048
=CAT  \\$a14586$b40$c20220204$lBLL01$h1806
=CAT  \\$a14586$b40$c20220204$lBLL01$h1807
=CFI  0\$aCurrent copyright fee: zero$c5\1$e07-jul-2020$fGBP0.00$g0$hP$5Uk
=EST  \\$a1
=FFP  \\$aY$bBLDSS-3PM
=TOC  \\$aETOC
=LAS  \\$a14586$b40$c20220204$lBLL01$h1807

