=LDR  01358cas a2200421 i 4500
=001  020205868
=003  Uk
=005  20230204102309.0
=006  m\\\\\\\\d\\\\\\\\
=007  cr\|||||||||||
=008  210528c\\\\9999\\\\\\p\s\\\\\0\\\a0eng\\
=FMT  \\$a  SE
=022  \\$y2666-7924
=037  \\$aISSN_26667924_8$bPortico$nElsevier
=040  \\$aUk$beng$cUk$erda
=082  04$a621.042$221
=245  00$aAdvances in Applied Energy
=264  \1$aAmsterdam$bElsevier$c[2021]
=336  \\$atext$2rdacontent
=337  \\$acomputer$2rdamedia
=338  \\$aonline resource$2rdacarrier
=538  \\$aMode of access: World Wide Web.
=540  \\$aCurrent copyright fee: zero$c5\1$5Uk
=859  \\$aELD$bejournal
=856  \\$31850-9999$uhttp://www.sciencedirect.com/$xBLDSS
=852  41$aBritish Library$bHMNTS$jELD Digital store
=945  \\$aAdvances in Applied Energy
=979  \\$aBritish Library$bDSC$j0698.941800N
=CAT  \\$a12654$b40$c20210528$lBLL01$h1421
=CAT  \\$aBLDSS-3PM$b00$c20210603$lBLL01$h0928
=CAT  \\$aBATCH-UPD$b00$c20210603$lBLL01$h0930
=CAT  \\$a5410$b40$c20210608$lBLL01$h1314
=CAT  \\$a15020$b40$c20230204$lBLL01$h1023
=CFI  0\$aCurrent copyright fee: zero$c5\1$e28-may-2021$fGBP0.00$g0$hP$5Uk
=EST  \\$a1
=FFP  \\$aY$bBLDSS-3PM
=TOC  \\$aETOC
=LAS  \\$a15020$b40$c20230204$lBLL01$h1023

