=LDR  01408cas a2200433 i 4500
=001  020223195
=003  Uk
=005  20230204083743.0
=006  m\\\\\\\\d\\\\\\\\
=007  cr\|||||||||||
=008  210614c\\\\9999\\\\\\p\s\\\\\0\\\a0eng\\
=FMT  \\$a  SE
=022  \\$y2666-5344
=037  \\$aISSN_26665344_8$bPortico$nElsevier
=040  \\$aUk$beng$cUk$erda
=082  04$a610.28$223
=245  00$aBiomaterials and Biosystems
=264  \1$aAmsterdam$bElsevier$c[2021]
=336  \\$atext$2rdacontent
=337  \\$acomputer$2rdamedia
=338  \\$aonline resource$2rdacarrier
=538  \\$aMode of access: World Wide Web.
=540  \\$aCurrent copyright fee: zero$c5\1$5Uk
=859  \\$aELD$bejournal
=856  \\$31850-9999$uhttp://www.sciencedirect.com/$xBLDSS
=852  41$aBritish Library$bHMNTS$jELD Digital store
=945  \\$aBiomaterials and Biosystems
=979  \\$aBritish Library$bDSC$j2087.718800N
=CAT  \\$a12654$b40$c20210614$lBLL01$h1217
=CAT  \\$aBLDSS-3PM$b00$c20210623$lBLL01$h1119
=CAT  \\$aBATCH-UPD$b00$c20210623$lBLL01$h1122
=CAT  \\$a5410$b40$c20210629$lBLL01$h1418
=CAT  \\$a15020$b40$c20230204$lBLL01$h0755
=CAT  \\$a15020$b40$c20230204$lBLL01$h0837
=CFI  0\$aCurrent copyright fee: zero$c5\1$e14-jun-2021$fGBP0.00$g0$hP$5Uk
=EST  \\$a1
=FFP  \\$aY$bBLDSS-3PM
=TOC  \\$aETOC
=LAS  \\$a15020$b40$c20230204$lBLL01$h0837

