=LDR  01464cas a2200445 i 4500
=001  020223212
=003  Uk
=005  20230322164850.0
=006  m\\\\\\\\d\\\\\\\\
=007  cr\|||||||||||
=008  210614c\\\\9999\\\\\\p\s\\\\\0\\\a0eng\\
=FMT  \\$a  SE
=022  \\$y2667-2901
=037  \\$aISSN_26672901_8$bPortico$nElsevier
=040  \\$aUk$beng$cUk$erda
=082  04$a611.0181$223
=245  00$aCells and Development
=264  \1$aAmsterdam$bElsevier$c[2021]
=336  \\$atext$2rdacontent
=337  \\$acomputer$2rdamedia
=338  \\$aonline resource$2rdacarrier
=538  \\$aMode of access: World Wide Web.
=540  \\$aCurrent copyright fee: zero$c5\1$5Uk
=859  \\$aELD$bejournal
=856  \\$31850-9999$uhttp://www.sciencedirect.com/$xBLDSS
=852  41$aBritish Library$bHMNTS$jELD Digital store$3Volume 165(2021)-
=945  \\$aCells and Development
=979  \\$aBritish Library$bDSC$j3097.912000N
=CAT  \\$a12654$b40$c20210614$lBLL01$h1342
=CAT  \\$aBLDSS-3PM$b00$c20210623$lBLL01$h1119
=CAT  \\$aBATCH-UPD$b00$c20210623$lBLL01$h1122
=CAT  \\$a5410$b40$c20210630$lBLL01$h0905
=CAT  \\$a9658$b40$c20230302$lBLL01$h1609
=CAT  \\$a9658$b40$c20230302$lBLL01$h1626
=CAT  \\$a14586$b40$c20230322$lBLL01$h1648
=CFI  0\$aCurrent copyright fee: zero$c5\1$e14-jun-2021$fGBP0.00$g0$hP$5Uk
=EST  \\$a1
=FFP  \\$aY$bBLDSS-3PM
=TOC  \\$aETOC
=LAS  \\$a14586$b40$c20230322$lBLL01$h1648

