=LDR  01686cas a2200493 i 4500
=001  020223217
=003  Uk
=005  20230322164808.0
=006  m\\\\\\\\d\\\\\\\\
=007  cr\|||||||||||
=008  210614c20219999enkuu\j\s\\\\\0\\\a0eng\\
=FMT  \\$a  SE
=022  \\$a2667-2685
=037  \\$aISSN_265672685_8$bPortico$nElsevier
=040  \\$aUk$beng$cUk$erda
=082  04$a615.854$223
=245  00$aClinical Nutrition Open Science
=264  \1$aAmsterdam$bElsevier$c[2021]
=336  \\$atext$2rdacontent
=337  \\$acomputer$2rdamedia
=338  \\$aonline resource$2rdacarrier
=538  \\$aMode of access: World Wide Web.
=540  \\$aCurrent copyright fee: zero$c5\1$5Uk
=780  00$tClinical nutrition experimental$x2352-9393
=859  \\$aELD$bejournal
=856  \\$31850-9999$uhttp://www.sciencedirect.com/$xBLDSS
=852  41$aBritish Library$bHMNTS$jELD Digital store$3Volume 35(2021)
=945  \\$aClinical Nutrition Open Science
=979  \\$aBritish Library$bDSC$j3286.314480N
=CAT  \\$a12654$b40$c20210614$lBLL01$h1351
=CAT  \\$aBLDSS-3PM$b00$c20210623$lBLL01$h1119
=CAT  \\$aBATCH-UPD$b00$c20210623$lBLL01$h1122
=CAT  \\$a5410$b40$c20210629$lBLL01$h2057
=CAT  \\$a8124$b40$c20230208$lBLL01$h1507
=CAT  \\$a9658$b40$c20230302$lBLL01$h1340
=CAT  \\$a9658$b40$c20230302$lBLL01$h1342
=CAT  \\$a9658$b40$c20230302$lBLL01$h1344
=CAT  \\$a14586$b40$c20230322$lBLL01$h1647
=CAT  \\$a14586$b40$c20230322$lBLL01$h1648
=CFI  0\$aCurrent copyright fee: zero$c5\1$e14-jun-2021$fGBP0.00$g0$hP$5Uk
=EST  \\$a1
=FFP  \\$aY$bBLDSS-3PM
=TOC  \\$aETOC
=LAS  \\$a14586$b40$c20230322$lBLL01$h1648

