=LDR  01430cas a2200433 i 4500
=001  020223775
=003  Uk
=005  20230211084411.0
=006  m\\\\\\\\d\\\\\\\\
=007  cr\|||||||||||
=008  210615c\\\\9999\\\\\\p\s\\\\\0\\\a0eng\\
=FMT  \\$a  SE
=022  \\$y2667-0119
=037  \\$aISSN_26670119_8$bPortico$nElsevier
=040  \\$aUk$beng$cUk$erda
=082  04$a571.9617$223
=245  00$aFish and Shellfish Immunology Reports
=264  \1$aAmsterdam$bElsevier$c[2021]
=336  \\$atext$2rdacontent
=337  \\$acomputer$2rdamedia
=338  \\$aonline resource$2rdacarrier
=538  \\$aMode of access: World Wide Web.
=540  \\$aCurrent copyright fee: zero$c5\1$5Uk
=859  \\$aELD$bejournal
=856  \\$31850-9999$uhttp://www.sciencedirect.com/$xBLDSS
=852  41$aBritish Library$bHMNTS$jELD Digital store
=945  \\$aFish and Shellfish Immunology Reports
=979  \\$aBritish Library$bDSC$j3934.880500N
=CAT  \\$a12654$b40$c20210615$lBLL01$h0827
=CAT  \\$aBLDSS-3PM$b00$c20210623$lBLL01$h1119
=CAT  \\$aBATCH-UPD$b00$c20210623$lBLL01$h1122
=CAT  \\$a5410$b40$c20210630$lBLL01$h1045
=CAT  \\$a15020$b40$c20230211$lBLL01$h0843
=CAT  \\$a15020$b40$c20230211$lBLL01$h0844
=CFI  0\$aCurrent copyright fee: zero$c5\1$e15-jun-2021$fGBP0.00$g0$hP$5Uk
=EST  \\$a1
=FFP  \\$aY$bBLDSS-3PM
=TOC  \\$aETOC
=LAS  \\$a15020$b40$c20230211$lBLL01$h0844

