=LDR  01571cas a2200469 i 4500
=001  020223986
=003  Uk
=005  20230204094913.0
=006  m\\\\\\\\d\\\\\\\\
=007  cr\|||||||||||
=008  210615c\\\\9999\\\\\\p\s\\\\\0\\\a0eng\\
=FMT  \\$a  SE
=022  \\$y2666-7762
=037  \\$aISSN_26667762_8$bPortico$nElsevier
=040  \\$aUk$beng$cUk$erda
=082  04$a362.1028$223
=245  00$aThe Lancet Regional Health - Europe
=264  \1$aAmsterdam$bElsevier$c[2021]
=336  \\$atext$2rdacontent
=337  \\$acomputer$2rdamedia
=338  \\$aonline resource$2rdacarrier
=538  \\$aMode of access: World Wide Web.
=540  \\$aCurrent copyright fee: zero$c5\1$5Uk
=859  \\$aELD$bejournal
=856  \\$31850-9999$uhttp://www.sciencedirect.com/$xBLDSS
=852  41$aBritish Library$bHMNTS$jELD Digital store
=945  \\$aThe Lancet Regional Health Europe
=979  \\$aBritish Library$bDSC$j5146.093500N
=CAT  \\$a12654$b40$c20210615$lBLL01$h1149
=CAT  \\$a12654$b40$c20210615$lBLL01$h1150
=CAT  \\$a12654$b40$c20210615$lBLL01$h1151
=CAT  \\$aBLDSS-3PM$b00$c20210623$lBLL01$h1119
=CAT  \\$aBATCH-UPD$b00$c20210623$lBLL01$h1122
=CAT  \\$a5410$b40$c20210706$lBLL01$h1452
=CAT  \\$a15020$b40$c20230204$lBLL01$h0924
=CAT  \\$a15020$b40$c20230204$lBLL01$h0928
=CAT  \\$a15020$b40$c20230204$lBLL01$h0949
=CFI  0\$aCurrent copyright fee: zero$c5\1$e15-jun-2021$fGBP0.00$g0$hP$5Uk
=EST  \\$a1
=FFP  \\$aY$bBLDSS-3PM
=TOC  \\$aETOC
=LAS  \\$a15020$b40$c20230204$lBLL01$h0949

