=LDR  01402cas a2200433 i 4500
=001  020263828
=003  Uk
=005  20230211074032.0
=006  m\\\\\\\\d\\\\\\\\
=007  cr\|||||||||||
=008  210719c\\\\9999\\\\\\p\s\\\\\0\\\a0eng\\
=FMT  \\$a  SE
=022  \\$y2666-7991
=037  \\$aISSN_26667991_8$bPortico$nElsevier
=040  \\$aUk$beng$cUk$erda
=082  04$a410$223
=245  00$aApplied Corpus Linguistics
=264  \1$aAmsterdam$bElsevier$c[2021]
=336  \\$atext$2rdacontent
=337  \\$acomputer$2rdamedia
=338  \\$aonline resource$2rdacarrier
=538  \\$aMode of access: World Wide Web.
=540  \\$aCurrent copyright fee: zero$c5\1$5Uk
=859  \\$aELD$bejournal
=856  \\$31850-9999$uhttp://www.sciencedirect.com/$xBLDSS
=852  41$aBritish Library$bHMNTS$jELD Digital store
=945  \\$aApplied Corpus Linguistics
=979  \\$aBritish Library$bDSC$j1571.938460N
=CAT  \\$a12654$b40$c20210719$lBLL01$h1334
=CAT  \\$aBLDSS-3PM$b00$c20210728$lBLL01$h1451
=CAT  \\$aBATCH-UPD$b00$c20210728$lBLL01$h1451
=CAT  \\$a5410$b40$c20210804$lBLL01$h1325
=CAT  \\$a5410$b40$c20210804$lBLL01$h1326
=CAT  \\$a15020$b40$c20230211$lBLL01$h0740
=CFI  0\$aCurrent copyright fee: zero$c5\1$e19-jul-2021$fGBP0.00$g0$hP$5Uk
=EST  \\$a1
=FFP  \\$aY$bBLDSS-3PM
=TOC  \\$aETOC
=LAS  \\$a15020$b40$c20230211$lBLL01$h0740

