=LDR  01384cas a2200433 i 4500
=001  020263860
=003  Uk
=005  20230220145958.0
=006  m\\\\\\\\d\\\\\\\\
=007  cr\|||||||||||
=008  210719c\\\\9999\\\\\\p\s\\\\\0\\\a0eng\\
=FMT  \\$a  SE
=022  \\$y2772-2759
=037  \\$aISSN_27722759_8$bPortico$nElsevier
=040  \\$aUk$beng$cUk$erda
=082  04$a641$223
=245  00$aMeasurement: Food
=264  \1$aAmsterdam$bElsevier$c[2021]
=336  \\$atext$2rdacontent
=337  \\$acomputer$2rdamedia
=338  \\$aonline resource$2rdacarrier
=538  \\$aMode of access: World Wide Web.
=540  \\$aCurrent copyright fee: zero$c5\1$5Uk
=859  \\$aELD$bejournal
=856  \\$31850-9999$uhttp://www.sciencedirect.com/$xBLDSS
=852  41$aBritish Library$bHMNTS$jELD Digital store
=945  \\$aMeasurement Food
=979  \\$aBritish Library$bDSC$j5313.563200N
=CAT  \\$a12654$b40$c20210719$lBLL01$h1404
=CAT  \\$a12654$b40$c20210719$lBLL01$h1405
=CAT  \\$aBLDSS-3PM$b00$c20210728$lBLL01$h1451
=CAT  \\$aBATCH-UPD$b00$c20210728$lBLL01$h1451
=CAT  \\$a5410$b40$c20210805$lBLL01$h1421
=CAT  \\$a15190$b40$c20230220$lBLL01$h1459
=CFI  0\$aCurrent copyright fee: zero$c5\1$e19-jul-2021$fGBP0.00$g0$hP$5Uk
=EST  \\$a1
=FFP  \\$aY$bBLDSS-3PM
=TOC  \\$aETOC
=LAS  \\$a15190$b40$c20230220$lBLL01$h1459

