=LDR  01489cas a2200445 i 4500
=001  020264004
=003  Uk
=005  20230211092000.0
=006  m\\\\\\\\d\\\\\\\\
=007  cr\|||||||||||
=008  210720c\\\\9999\\\\\\p\s\\\\\0\\\a0eng\\
=FMT  \\$a  SE
=022  \\$y2667-095X
=037  \\$aISSN_2667095X_8$bPortico$nElsevier
=040  \\$aUk$beng$cUk$erda
=082  04$a621.042$223
=245  00$aRenewable and Sustainable Energy Transition
=264  \1$aAmsterdam$bElsevier$c[2021]
=336  \\$atext$2rdacontent
=337  \\$acomputer$2rdamedia
=338  \\$aonline resource$2rdacarrier
=538  \\$aMode of access: World Wide Web.
=540  \\$aCurrent copyright fee: zero$c5\1$5Uk
=859  \\$aELD$bejournal
=856  \\$31850-9999$uhttp://www.sciencedirect.com/$xBLDSS
=852  41$aBritish Library$bHMNTS$jELD Digital store
=945  \\$aRenewable and Sustainable Energy Transition
=979  \\$aBritish Library$bDSC$j7364.186600
=CAT  \\$a12654$b40$c20210720$lBLL01$h0827
=CAT  \\$a12654$b40$c20210720$lBLL01$h0832
=CAT  \\$aBLDSS-3PM$b00$c20210728$lBLL01$h1451
=CAT  \\$aBATCH-UPD$b00$c20210728$lBLL01$h1451
=CAT  \\$a5410$b40$c20210805$lBLL01$h1425
=CAT  \\$a15020$b40$c20230211$lBLL01$h0919
=CAT  \\$a15020$b40$c20230211$lBLL01$h0920
=CFI  0\$aCurrent copyright fee: zero$c5\1$e20-jul-2021$fGBP0.00$g0$hP$5Uk
=EST  \\$a1
=FFP  \\$aY$bBLDSS-3PM
=TOC  \\$aETOC
=LAS  \\$a15020$b40$c20230211$lBLL01$h0920

