=LDR  01367cas a2200421 i 4500
=001  020521586
=003  Uk
=005  20230218074322.0
=006  m\\\\\\\\d\\\\\\\\
=007  cr\|||||||||||
=008  220317c\\\\9999\\\\\\p\s\\\\\0\\\a0eng\\
=FMT  \\$a  SE
=022  \\$y2772-8013
=037  \\$aISSN_27728013_8$bPortico$nElsevier
=040  \\$aUk$beng$cUk$erda
=082  04$a333.95$223
=245  00$aCleaner and Circular Bioeconomy
=264  \1$aAmsterdam$bElsevier$c[2021]
=336  \\$atext$2rdacontent
=337  \\$acomputer$2rdamedia
=338  \\$aonline resource$2rdacarrier
=538  \\$aMode of access: World Wide Web.
=540  \\$aCurrent copyright fee: zero$c5\1$5Uk
=859  \\$aELD$bejournal
=856  \\$31850-9999$uhttp://www.sciencedirect.com/$xBLDSS
=852  41$aBritish Library$bHMNTS$jELD Digital store
=945  \\$aCleaner and Circular Bioeconomy
=979  \\$aBritish Library$bDSC$j3278.430150N
=CAT  \\$a12654$b40$c20220317$lBLL01$h0814
=CAT  \\$aBLDSS-3PM$b00$c20220323$lBLL01$h0920
=CAT  \\$aBATCH-UPD$b00$c20220323$lBLL01$h0923
=CAT  \\$a5410$b40$c20220329$lBLL01$h1245
=CAT  \\$a15020$b40$c20230218$lBLL01$h0743
=CFI  0\$aCurrent copyright fee: zero$c5\1$e17-mar-2022$fGBP0.00$g0$hP$5Uk
=EST  \\$a1
=FFP  \\$aY$bBLDSS-3PM
=TOC  \\$aETOC
=LAS  \\$a15020$b40$c20230218$lBLL01$h0743

