=LDR  01348cas a2200421 i 4500
=001  020521638
=003  Uk
=005  20230307103300.0
=006  m\\\\\\\\d\\\\\\\\
=007  cr\|||||||||||
=008  220317c\\\\9999\\\\\\p\s\\\\\0\\\a0eng\\
=FMT  \\$a  SE
=022  \\$y2772-9060
=037  \\$aISSN_27729060_8$bPortico$nElsevier
=040  \\$aUk$beng$cUk$erda
=082  04$a616.994$223
=245  00$aOral Oncology Reports
=264  \1$aAmsterdam$bElsevier$c[2021]
=336  \\$atext$2rdacontent
=337  \\$acomputer$2rdamedia
=338  \\$aonline resource$2rdacarrier
=538  \\$aMode of access: World Wide Web.
=540  \\$aCurrent copyright fee: zero$c5\1$5Uk
=859  \\$aELD$bejournal
=856  \\$31850-9999$uhttp://www.sciencedirect.com/$xBLDSS
=852  41$aBritish Library$bHMNTS$jELD Digital store
=945  \\$aOral Oncology Reports
=979  \\$aBritish Library$bDSC$j6277.593000N
=CAT  \\$a12654$b40$c20220317$lBLL01$h0943
=CAT  \\$aBLDSS-3PM$b00$c20220323$lBLL01$h0920
=CAT  \\$aBATCH-UPD$b00$c20220323$lBLL01$h0923
=CAT  \\$a5410$b40$c20220331$lBLL01$h1147
=CAT  \\$a10902$b40$c20230307$lBLL01$h1033
=CFI  0\$aCurrent copyright fee: zero$c5\1$e17-mar-2022$fGBP0.00$g0$hP$5Uk
=EST  \\$a1
=FFP  \\$aY$bBLDSS-3PM
=TOC  \\$aETOC
=LAS  \\$a10902$b40$c20230307$lBLL01$h1033

