=LDR  01436cas a2200433 i 4500
=001  020521641
=003  Uk
=005  20230331115217.0
=006  m\\\\\\\\d\\\\\\\\
=007  cr\|||||||||||
=008  220317c\\\\9999\\\\\\p\s\\\\\0\\\a0eng\\
=FMT  \\$a  SE
=022  \\$y2772-9990
=037  \\$aISSN_27729990_8$bPortico$nElsevier
=040  \\$aUk$beng$cUk$erda
=082  04$a320.9$223
=245  00$aPolitical Geography Open Research
=264  \1$aAmsterdam$bElsevier$c[2021]
=336  \\$atext$2rdacontent
=337  \\$acomputer$2rdamedia
=338  \\$aonline resource$2rdacarrier
=538  \\$aMode of access: World Wide Web.
=540  \\$aCurrent copyright fee: zero$c5\1$5Uk
=859  \\$aELD$bejournal
=856  \\$31850-9999$uhttp://www.sciencedirect.com/$xBLDSS
=852  41$aBritish Library$bHMNTS$jELD Digital store$3Volume 1(2022)-
=945  \\$aPolitical Geography Open Research
=979  \\$aBritish Library$bDSC$j6543.885970N
=CAT  \\$a12654$b40$c20220317$lBLL01$h0947
=CAT  \\$aBLDSS-3PM$b00$c20220323$lBLL01$h0920
=CAT  \\$aBATCH-UPD$b00$c20220323$lBLL01$h0923
=CAT  \\$a5410$b40$c20220331$lBLL01$h1201
=CAT  \\$a15190$b40$c20230203$lBLL01$h1619
=CAT  \\$a10902$b40$c20230331$lBLL01$h1152
=CFI  0\$aCurrent copyright fee: zero$c5\1$e17-mar-2022$fGBP0.00$g0$hP$5Uk
=EST  \\$a1
=FFP  \\$aY$bBLDSS-3PM
=TOC  \\$aETOC
=LAS  \\$a10902$b40$c20230331$lBLL01$h1152

