=LDR  01480cas a2200457 i 4500
=001  020820224
=003  Uk
=005  20230301164844.0
=006  m\\\\\\\\d\\\\\\\\
=007  cr\|||||||||||
=008  221124c\\\\9999\\\\\\p\s\\\\\0\\\a0eng\\
=FMT  \\$a  SE
=022  \\$a2833-0188
=037  \\$aISSN_28330188_2$bPortico$nWiley
=040  \\$aUk$beng$cUk$erda
=082  04$a320.94$223
=245  00$aCONTEMPORARY EUROPEAN POLITICS
=264  \1$a[Hoboken]$bWiley$c[2022]
=336  \\$atext$2rdacontent
=337  \\$acomputer$2rdamedia
=338  \\$aonline resource$2rdacarrier
=538  \\$aMode of access: World Wide Web.
=540  \\$aCurrent copyright fee: zero$c35\0$5Uk
=859  \\$aELD$bejournal
=856  \\$31850-9999$uhttp://onlinelibrary.wiley.com/$xBLDSS
=852  41$aBritish Library$bHMNTS$jELD Digital store
=945  \\$aCONTEMPORARY EUROPEAN POLITICS
=979  \\$aBritish Library$bDSC$j3425.181775N
=CAT  \\$a12654$b40$c20221124$lBLL01$h0954
=CAT  \\$aBLDSS-3PM$b00$c20221128$lBLL01$h1509
=CAT  \\$aBATCH-UPD$b00$c20221128$lBLL01$h1509
=CAT  \\$aBATCH-UNOA$c20221130$lBLL01$h0127
=CAT  \\$a5410$b40$c20221208$lBLL01$h0908
=CAT  \\$a11450$b40$c20230222$lBLL01$h0943
=CAT  \\$a14586$b40$c20230301$lBLL01$h1648
=CFI  0\$aCurrent copyright fee: zero$c35\0$e24-nov-2022$fGBP0.00$g0$hP$5Uk
=EST  \\$a1
=FFP  \\$aY$bBLDSS-3PM
=TOC  \\$aETOC
=UNO  \\$aY
=LAS  \\$a14586$b40$c20230301$lBLL01$h1648

