=LDR  01349cas a2200421 i 4500
=001  020820271
=003  Uk
=005  20230221121350.0
=006  m\\\\\\\\d\\\\\\\\
=007  cr\|||||||||||
=008  221124c\\\\9999\\\\\\p\s\\\\\0\\\a0eng\\
=FMT  \\$a  SE
=022  \\$a2751-1871
=037  \\$aISSN_27511871_2$bPortico$nWiley
=040  \\$aUk$beng$cUk$erda
=245  00$aSMART MEDICINE
=264  \1$a[Hoboken]$bWiley$c[2022]
=336  \\$atext$2rdacontent
=337  \\$acomputer$2rdamedia
=338  \\$aonline resource$2rdacarrier
=538  \\$aMode of access: World Wide Web.
=540  \\$aCurrent copyright fee: zero$c35\0$5Uk
=859  \\$aELD$bejournal
=856  \\$31850-9999$uhttp://onlinelibrary.wiley.com/$xBLDSS
=852  41$aBritish Library$bHMNTS$jELD Digital store$3Volume 1:Issue 1(2022)-
=945  \\$aSMART MEDICINE
=979  \\$aBritish Library$bDSC$j8310.193524N
=CAT  \\$a12654$b40$c20221124$lBLL01$h1104
=CAT  \\$aBLDSS-3PM$b00$c20221128$lBLL01$h1509
=CAT  \\$aBATCH-UPD$b00$c20221128$lBLL01$h1509
=CAT  \\$aBATCH-UNOA$c20221130$lBLL01$h0127
=CAT  \\$a15020$b40$c20230221$lBLL01$h1213
=CFI  0\$aCurrent copyright fee: zero$c35\0$e24-nov-2022$fGBP0.00$g0$hP$5Uk
=EST  \\$a1
=FFP  \\$aY$bBLDSS-3PM
=TOC  \\$aETOC
=UNO  \\$aY
=LAS  \\$a15020$b40$c20230221$lBLL01$h1213

