=LDR  01591cas a2200481 i 4500
=001  020820276
=003  Uk
=005  20230417090530.0
=006  m\\\\\\\\d\\\\\\\\
=007  cr\|||||||||||
=008  221124c\\\\9999\\\\\\p\s\\\\\0\\\a0eng\\
=FMT  \\$a  SE
=022  \\$a2771-9693
=037  \\$aISSN_27719693_2$bPortico$nWiley
=040  \\$aUk$beng$cUk$erda
=082  04$a664$223
=245  00$aSustainable Food Proteins
=264  \1$a[Hoboken]$bWiley$c[2022]
=336  \\$atext$2rdacontent
=337  \\$acomputer$2rdamedia
=338  \\$aonline resource$2rdacarrier
=538  \\$aMode of access: World Wide Web.
=540  \\$aCurrent copyright fee: zero$c35\0$5Uk
=859  \\$aELD$bejournal
=856  \\$31850-9999$uhttp://onlinelibrary.wiley.com/$xBLDSS
=852  41$aBritish Library$bHMNTS$jELD Digital store$3(Volume 1:Issue 1 2023)-
=945  \\$aSUSTAINABLE FOOD PROTEINS
=979  \\$aBritish Library$bDSC$j8553.366050N
=CAT  \\$a12654$b40$c20221124$lBLL01$h1108
=CAT  \\$aBLDSS-3PM$b00$c20221128$lBLL01$h1509
=CAT  \\$aBATCH-UPD$b00$c20221128$lBLL01$h1509
=CAT  \\$aBATCH-UNOA$c20221130$lBLL01$h0127
=CAT  \\$a5410$b40$c20221208$lBLL01$h1146
=CAT  \\$a14412$b40$c20230228$lBLL01$h1423
=CAT  \\$a14412$b40$c20230228$lBLL01$h1424
=CAT  \\$a14586$b40$c20230322$lBLL01$h1722
=CAT  \\$a15020$b40$c20230417$lBLL01$h0905
=CFI  0\$aCurrent copyright fee: zero$c35\0$e24-nov-2022$fGBP0.00$g0$hP$5Uk
=EST  \\$a1
=FFP  \\$aY$bBLDSS-3PM
=TOC  \\$aETOC
=UNO  \\$aY
=LAS  \\$a15020$b40$c20230417$lBLL01$h0905

