=LDR  01573cas a2200481 i 4500
=001  020820288
=003  Uk
=005  20230926161428.0
=006  m\\\\\\\\d\\\\\\\\
=007  cr\|||||||||||
=008  221124c\\\\9999\\\\\\p\s\\\\\0\\\a0eng\\
=FMT  \\$a  SE
=022  \\$a2832-5869
=037  \\$aISSN_28325869_2$bPortico$nWiley
=040  \\$aUk$beng$cUk$erda
=082  04$a333.954$223
=245  00$aWildlife letters
=264  \1$a[Hoboken]$bWiley$c[2023]
=336  \\$atext$2rdacontent
=337  \\$acomputer$2rdamedia
=338  \\$aonline resource$2rdacarrier
=538  \\$aMode of access: World Wide Web.
=540  \\$aCurrent copyright fee: zero$c35\0$5Uk
=859  \\$aELD$bejournal
=856  \\$31850-9999$uhttp://onlinelibrary.wiley.com/$xBLDSS
=852  41$aBritish Library$bHMNTS$jELD Digital store$3Volume 1:Issue 1(2023)-
=945  \\$aWildlife letters
=979  \\$aBritish Library$bDSC$j9317.400500N
=CAT  \\$a12654$b40$c20221124$lBLL01$h1118
=CAT  \\$aBLDSS-3PM$b00$c20221128$lBLL01$h1509
=CAT  \\$aBATCH-UPD$b00$c20221128$lBLL01$h1509
=CAT  \\$aBATCH-UNOA$c20221130$lBLL01$h0127
=CAT  \\$a5410$b40$c20221208$lBLL01$h1149
=CAT  \\$a14412$b40$c20230228$lBLL01$h1432
=CAT  \\$a14586$b40$c20230322$lBLL01$h1722
=CAT  \\$a8055$b40$c20230926$lBLL01$h1613
=CAT  \\$a8055$b40$c20230926$lBLL01$h1614
=CFI  0\$aCurrent copyright fee: zero$c35\0$e24-nov-2022$fGBP0.00$g0$hP$5Uk
=EST  \\$a1
=FFP  \\$aY$bBLDSS-3PM
=TOC  \\$aETOC
=UNO  \\$aY
=LAS  \\$a8055$b40$c20230926$lBLL01$h1614

