=LDR  01329cas a2200421 i 4500
=001  020846106
=003  Uk
=005  20230221092653.0
=006  m\\\\\\\\d\\\\\\\\
=007  cr\|||||||||||
=008  221221c\\\\9999\\\\\\p\s\\\\\0\\\a0eng\\
=FMT  \\$a  SE
=022  \\$a2772-4271
=037  \\$aISSN_27724271_8$bPortico$nElsevier
=040  \\$aUk$beng$cUk$erda
=082  04$a333.79$223
=245  00$aEnergy nexus
=264  \1$aAmsterdam$bElsevier$c[2022]
=336  \\$atext$2rdacontent
=337  \\$acomputer$2rdamedia
=338  \\$aonline resource$2rdacarrier
=538  \\$aMode of access: World Wide Web.
=540  \\$aCurrent copyright fee: zero$c5\1$5Uk
=859  \\$aELD$bejournal
=856  \\$31850-9999$uhttp://www.sciencedirect.com/$xBLDSS
=852  41$aBritish Library$bHMNTS$jELD Digital store
=945  \\$aEnergy nexus
=979  \\$aBritish Library$bDSC$j3747.691080N
=CAT  \\$a12654$b40$c20221221$lBLL01$h0847
=CAT  \\$aBLDSS-3PM$b00$c20221228$lBLL01$h1102
=CAT  \\$aBATCH-UPD$b00$c20221228$lBLL01$h1102
=CAT  \\$a5410$b40$c20230105$lBLL01$h0829
=CAT  \\$a15190$b40$c20230221$lBLL01$h0926
=CFI  0\$aCurrent copyright fee: zero$c5\1$e21-dec-2022$fGBP0.00$g0$hP$5Uk
=EST  \\$a1
=FFP  \\$aY$bBLDSS-3PM
=TOC  \\$aETOC
=LAS  \\$a15190$b40$c20230221$lBLL01$h0926

