=LDR  01593cas a2200457 i 4500
=001  020846265
=003  Uk
=005  20230220143423.0
=006  m\\\\\\\\d\\\\\\\\
=007  cr\|||||||||||
=008  221221c\\\\9999\\\\\\p\s\\\\\0\\\a0eng\\
=FMT  \\$a  SE
=022  \\$a2667-3053
=037  \\$aISSN_26673053_8$bPortico$nElsevier
=040  \\$aUk$beng$cUk$dUk$erda
=082  04$a006.3$223
=245  00$aIntelligent systems with applications
=264  \1$aAmsterdam$bElsevier$c[2022]
=336  \\$atext$2rdacontent
=337  \\$acomputer$2rdamedia
=338  \\$aonline resource$2rdacarrier
=538  \\$aMode of access: World Wide Web.
=540  \\$aCurrent copyright fee: zero$c5\1$5Uk
=780  00$tExpert systems with applications X.
=856  \\$31850-9999$uhttp://www.sciencedirect.com/$xBLDSS
=859  \\$aELD$bejournal
=852  41$aBritish Library$bHMNTS$jELD Digital store
=945  \\$aIntelligent systems with applications
=979  \\$aBritish Library$bDSC$j9830.248000N
=CAT  \\$a12654$b40$c20221221$lBLL01$h1214
=CAT  \\$a8250$b40$c20221222$lBLL01$h1134
=CAT  \\$aBLDSS-3PM$b00$c20221228$lBLL01$h1102
=CAT  \\$aBATCH-UPD$b00$c20221228$lBLL01$h1102
=CAT  \\$a5410$b40$c20230105$lBLL01$h0931
=CAT  \\$a15190$b40$c20230220$lBLL01$h1434
=CFI  0\$aCurrent copyright fee: zero$c5\1$e21-dec-2022$fGBP0.00$g0$hP$5Uk
=EST  \\$a1
=FFP  \\$aY$bBLDSS-3PM
=LKR  \\$aPAR$b019462940$lBLL01$mIntelligent systems with applications$nExpert systems with applications
=TOC  \\$aETOC
=LAS  \\$a15190$b40$c20230220$lBLL01$h1434

