=LDR  01422cas a2200433 i 4500
=001  020850950
=003  Uk
=005  20230421133736.0
=006  m\\\\\\\\d\\\\\\\\
=007  cr\|||||||||||
=008  230104c\\\\9999\\\\\\p\s\\\\\0\\\a0eng\\
=FMT  \\$a  SE
=022  \\$a2949-754X
=037  \\$aISSN_2949754X_8$bPortico$nElsevier
=040  \\$aUk$beng$cUk$erda
=082  04$a660.04$223
=245  00$aMaterials today catalysis
=264  \1$aAmsterdam$bElsevier$c[2022]
=336  \\$atext$2rdacontent
=337  \\$acomputer$2rdamedia
=338  \\$aonline resource$2rdacarrier
=538  \\$aMode of access: World Wide Web.
=540  \\$aCurrent copyright fee: zero$c5\1$5Uk
=859  \\$aELD$bejournal
=856  \\$31850-9999$uhttp://www.sciencedirect.com/$xBLDSS
=852  41$aBritish Library$bHMNTS$jELD Digital store$3Voluime 1(2023)-
=945  \\$aMaterials today catalysis
=979  \\$aBritish Library$bDSC$j5396.507015N
=CAT  \\$a12654$b40$c20230104$lBLL01$h0820
=CAT  \\$aBLDSS-3PM$b00$c20230109$lBLL01$h1406
=CAT  \\$aBATCH-UPD$b00$c20230109$lBLL01$h1406
=CAT  \\$a5410$b40$c20230119$lBLL01$h1453
=CAT  \\$a14412$b40$c20230131$lBLL01$h1354
=CAT  \\$a14586$b40$c20230421$lBLL01$h1337
=CFI  0\$aCurrent copyright fee: zero$c5\1$e04-jan-2022$fGBP0.00$g0$hP$5Uk
=EST  \\$a1
=FFP  \\$aY$bBLDSS-3PM
=TOC  \\$aETOC
=LAS  \\$a14586$b40$c20230421$lBLL01$h1337

