=LDR  01383cas a2200433 i 4500
=001  020850982
=003  Uk
=005  20230331115645.0
=006  m\\\\\\\\d\\\\\\\\
=007  cr\|||||||||||
=008  230104c\\\\9999\\\\\\p\s\\\\\0\\\a0eng\\
=FMT  \\$a  SE
=022  \\$a2949-6977
=037  \\$aISSN_29496977_8$bPortico$nElsevier
=040  \\$aUk$beng$cUk$erda
=082  04$a302$223
=245  00$aSocietal impacts
=264  \1$aAmsterdam$bElsevier$c[2022]
=336  \\$atext$2rdacontent
=337  \\$acomputer$2rdamedia
=338  \\$aonline resource$2rdacarrier
=538  \\$aMode of access: World Wide Web.
=540  \\$aCurrent copyright fee: zero$c5\1$5Uk
=859  \\$aELD$bejournal
=856  \\$31850-9999$uhttp://www.sciencedirect.com/$xBLDSS
=852  41$aBritish Library$bHMNTS$jELD Digital store
=945  \\$aSocietal impacts
=979  \\$aBritish Library$bDSC$j8318.538760N
=CAT  \\$a12654$b40$c20230104$lBLL01$h0956
=CAT  \\$aBLDSS-3PM$b00$c20230109$lBLL01$h1406
=CAT  \\$aBATCH-UPD$b00$c20230109$lBLL01$h1407
=CAT  \\$a5410$b40$c20230121$lBLL01$h1757
=CAT  \\$a15190$b40$c20230206$lBLL01$h1446
=CAT  \\$a10902$b40$c20230331$lBLL01$h1156
=CFI  0\$aCurrent copyright fee: zero$c5\1$e04-jan-2022$fGBP0.00$g0$hP$5Uk
=EST  \\$a1
=FFP  \\$aY$bBLDSS-3PM
=TOC  \\$aETOC
=LAS  \\$a10902$b40$c20230331$lBLL01$h1156

