=LDR  01414cas a2200433 i 4500
=001  020851014
=003  Uk
=005  20230328153149.0
=006  m\\\\\\\\d\\\\\\\\
=007  cr\|||||||||||
=008  230104c\\\\9999\\\\\\p\s\\\\\0\\\a0eng\\
=FMT  \\$a  SE
=022  \\$a2949-8635
=037  \\$aISSN_29498635_8$bPortico$nElsevier
=040  \\$aUk$beng$cUk$erda
=082  04$a658.7$223
=245  00$aSupply chain analytics
=264  \1$aAmsterdam$bElsevier$c[2022]
=336  \\$atext$2rdacontent
=337  \\$acomputer$2rdamedia
=338  \\$aonline resource$2rdacarrier
=538  \\$aMode of access: World Wide Web.
=540  \\$aCurrent copyright fee: zero$c5\1$5Uk
=859  \\$aELD$bejournal
=856  \\$31850-9999$uhttp://www.sciencedirect.com/$xBLDSS
=852  41$aBritish Library$bHMNTS$jELD Digital store$3Volume 1(2023)-
=945  \\$aSupply chain analytics
=979  \\$aBritish Library$bDSC$j8547.635555N
=CAT  \\$a12654$b40$c20230104$lBLL01$h1140
=CAT  \\$aBLDSS-3PM$b00$c20230109$lBLL01$h1406
=CAT  \\$aBATCH-UPD$b00$c20230109$lBLL01$h1407
=CAT  \\$a5410$b40$c20230121$lBLL01$h1802
=CAT  \\$a15190$b40$c20230208$lBLL01$h1449
=CAT  \\$a15190$b40$c20230328$lBLL01$h1531
=CFI  0\$aCurrent copyright fee: zero$c5\1$e04-jan-2023$fGBP0.00$g0$hP$5Uk
=EST  \\$a1
=FFP  \\$aY$bBLDSS-3PM
=TOC  \\$aETOC
=LAS  \\$a15190$b40$c20230328$lBLL01$h1531

