=LDR  01417cas a2200433 i 4500
=001  020851034
=003  Uk
=005  20230328153254.0
=006  m\\\\\\\\d\\\\\\\\
=007  cr\|||||||||||
=008  230104c\\\\9999\\\\\\p\s\\\\\0\\\a0eng\\
=FMT  \\$a  SE
=022  \\$a2773-2231
=037  \\$aISSN_27732231_8$bPortico$nElsevier
=040  \\$aUk$beng$cUk$erda
=082  04$a660.0286$223
=245  00$aTetrahedron green chem
=264  \1$aAmsterdam$bElsevier$c[2022]
=336  \\$atext$2rdacontent
=337  \\$acomputer$2rdamedia
=338  \\$aonline resource$2rdacarrier
=538  \\$aMode of access: World Wide Web.
=540  \\$aCurrent copyright fee: zero$c5\1$5Uk
=856  \\$31850-9999$uhttp://www.sciencedirect.com/$xBLDSS
=859  \\$aELD$bejournal
=852  41$aBritish Library$bHMNTS$jELD Digital store$3Volume 1(2023)-
=945  \\$aTetrahedron green chem
=979  \\$aBritish Library$bDSC$j8796.855500N
=CAT  \\$a12654$b40$c20230104$lBLL01$h1210
=CAT  \\$aBLDSS-3PM$b00$c20230109$lBLL01$h1406
=CAT  \\$aBATCH-UPD$b00$c20230109$lBLL01$h1407
=CAT  \\$a5410$b40$c20230121$lBLL01$h1806
=CAT  \\$a15731$b40$c20230203$lBLL01$h1456
=CAT  \\$a15190$b40$c20230328$lBLL01$h1532
=CFI  0\$aCurrent copyright fee: zero$c5\1$e04-jan-2023$fGBP0.00$g0$hP$5Uk
=EST  \\$a1
=FFP  \\$aY$bBLDSS-3PM
=TOC  \\$aETOC
=LAS  \\$a15190$b40$c20230328$lBLL01$h1532

