=LDR  01423cas a2200433 i 4500
=001  020872304
=003  Uk
=005  20230331115256.0
=006  m\\\\\\\\d\\\\\\\\
=007  cr\|||||||||||
=008  230118c\\\\9999\\\\\\p\s\\\\\0\\\a0eng\\
=FMT  \\$a  SE
=022  \\$a2949-6942
=037  \\$aISSN_29496942_8$bPortico$nElsevier
=040  \\$aUk$beng$cUk$erda
=082  04$a330.9$223
=245  00$aProgress in Economic Geography.
=264  \1$aAmsterdam$bElsevier$c[2023]
=336  \\$atext$2rdacontent
=337  \\$acomputer$2rdamedia
=338  \\$aonline resource$2rdacarrier
=538  \\$aMode of access: World Wide Web.
=540  \\$aCurrent copyright fee: GBP34.30$c5\1$5Uk
=859  \\$aELD$bejournal
=856  \\$31850-9999$uhttp://www.sciencedirect.com/$xBLDSS
=852  41$aBritish Library$bHMNTS$jELD Digital store
=945  \\$aProgress in Economic Geography
=979  \\$aBritish Library$bDSC$j6868.223000N
=CAT  \\$a12654$b40$c20230118$lBLL01$h0840
=CAT  \\$aBLDSS-3PM$b00$c20230124$lBLL01$h1140
=CAT  \\$aBATCH-UPD$b00$c20230124$lBLL01$h1140
=CAT  \\$a5410$b40$c20230202$lBLL01$h0930
=CAT  \\$a15190$b40$c20230203$lBLL01$h1528
=CAT  \\$a10902$b40$c20230331$lBLL01$h1152
=CFI  0\$aCurrent copyright fee: GBP34.30$c5\1$e18-jan-2023$fGBP34.30$g0$hP$5Uk
=EST  \\$a1
=FFP  \\$aY$bBLDSS-3PM
=TOC  \\$aETOC
=LAS  \\$a10902$b40$c20230331$lBLL01$h1152

