=LDR  01507cas a2200457 i 4500
=001  020937023
=003  Uk
=005  20230307113905.0
=006  m\\\\\\\\d\\\\\\\\
=007  cr\|||||||||||
=008  230130c\\\\9999\\\\\\p\s\\\\\0\\\a0eng\\
=FMT  \\$a  SE
=022  \\$a2773-0123
=037  \\$aISSN_27730123_8$bPortico$nElsevier
=040  \\$aUk$beng$cUk$erda
=082  04$a620.5$223
=245  00$aMicro and Nanostructures
=264  \1$aAmsterdam$bElsevier$c[2022]
=336  \\$atext$2rdacontent
=337  \\$acomputer$2rdamedia
=338  \\$aonline resource$2rdacarrier
=538  \\$aMode of access: World Wide Web.
=540  \\$aCurrent copyright fee: GBP34.30$c5\1$5Uk
=859  \\$aELD$bejournal
=856  \\$31850-9999$uhttp://www.sciencedirect.com/$xBLDSS
=852  41$aBritish Library$bHMNTS$jELD Digital store
=945  \\$aMicro and Nanostructures
=979  \\$aBritish Library$bDSC$j5756.775480N
=CAT  \\$a12654$b40$c20230130$lBLL01$h1002
=CAT  \\$a12654$b40$c20230130$lBLL01$h1111
=CAT  \\$a12654$b40$c20230130$lBLL01$h1121
=CAT  \\$aBLDSS-3PM$b00$c20230206$lBLL01$h1356
=CAT  \\$aBATCH-UPD$b00$c20230206$lBLL01$h1357
=CAT  \\$a5410$b40$c20230216$lBLL01$h1312
=CAT  \\$a5410$b40$c20230222$lBLL01$h0835
=CAT  \\$a10902$b40$c20230307$lBLL01$h1139
=CFI  0\$aCurrent copyright fee: GBP34.30$c5\1$e30-jan-2023$fGBP34.30$g0$hP$5Uk
=EST  \\$a1
=FFP  \\$aY$bBLDSS-3PM
=TOC  \\$aETOC
=LAS  \\$a10902$b40$c20230307$lBLL01$h1139

