=LDR  01426cas a2200421 i 4500
=001  020954121
=003  Uk
=005  20230421111556.0
=006  m\\\\\\\\d\\\\\\\\
=007  cr\|||||||||||
=008  221012c\\\\9999\\\\\\p\s\\\\\0\\\a0eng\\
=FMT  \\$a  SE
=022  \\$a2213-5413$l1682-606X
=037  \\$aISSN_22135413_74$bPortico$nLippincott Williams & Wilkins
=040  \\$aUk$beng$cUk$erda
=245  00$aFormosan journal of surgery
=264  \1$a[Baltimore]$bLWW$c[2017]
=336  \\$atext$2rdacontent
=337  \\$acomputer$2rdamedia
=338  \\$aonline resource$2rdacarrier
=538  \\$aMode of access: World Wide Web.
=540  \\$aCurrent copyright fee: zero$c20\0$5Uk
=859  \\$aELD$bejournal
=856  \\$31850-9999$uhttp://journals.lww.com/pages/default.aspx$xBLDSS
=852  41$aBritish Library$bHMNTS$jELD Digital store$3Volume 56:Issue 1(2023)-
=945  \\$aFormosan journal of surgery
=979  \\$aBritish Library$bDSC$j4008.425000
=CAT  \\$a12654$b40$c20230209$lBLL01$h0832
=CAT  \\$aBLDSS-3PM$b00$c20230213$lBLL01$h1337
=CAT  \\$aBATCH-UPD$b00$c20230213$lBLL01$h1339
=CAT  \\$a11450$b40$c20230417$lBLL01$h0915
=CAT  \\$a14586$b40$c20230421$lBLL01$h1115
=CFI  0\$aCurrent copyright fee: zero$c20\0$e09-Feb-2023$fGBP0.00$g0$hP$5Uk
=EST  \\$a1
=FFP  \\$aY$bBLDSS-3PM
=MNI  \\$a1682-606X
=UNO  \\$aY
=LAS  \\$a14586$b40$c20230421$lBLL01$h1115

