=LDR  01432cas a2200421 i 4500
=001  020954194
=003  Uk
=005  20230503151027.0
=006  m\\\\\\\\d\\\\\\\\
=007  cr\|||||||||||
=008  221012c\\\\9999\\\\\\p\s\\\\\0\\\a0eng\\
=FMT  \\$a  SE
=022  \\$a2834-5371$l2096-2746
=037  \\$aISSN_28345371_74$bPortico$nLippincott Williams & Wilkins
=040  \\$aUk$beng$cUk$erda
=245  00$aJournal of Nutritional Oncology
=264  \1$a[Baltimore]$bLWW$c[2023]
=336  \\$atext$2rdacontent
=337  \\$acomputer$2rdamedia
=338  \\$aonline resource$2rdacarrier
=538  \\$aMode of access: World Wide Web.
=540  \\$aCurrent copyright fee: zero$c20\0$5Uk
=859  \\$aELD$bejournal
=856  \\$31850-9999$uhttp://journals.lww.com/pages/default.aspx$xBLDSS
=852  41$aBritish Library$bHMNTS$jELD Digital store
=945  \\$aJournal of Nutritional Oncology
=979  \\$aBritish Library$bDSC$j5024.740500N
=CAT  \\$a12654$b40$c20230209$lBLL01$h1114
=CAT  \\$a12654$b40$c20230209$lBLL01$h1115
=CAT  \\$aBLDSS-3PM$b00$c20230213$lBLL01$h1337
=CAT  \\$aBATCH-UPD$b00$c20230213$lBLL01$h1339
=CAT  \\$a14586$b40$c20230421$lBLL01$h1119
=CAT  \\$a15190$b40$c20230503$lBLL01$h1510
=CFI  0\$aCurrent copyright fee: zero$c20\0$e09-Feb-2023$fGBP0.00$g0$hP$5Uk
=EST  \\$a1
=FFP  \\$aY$bBLDSS-3PM
=UNO  \\$aY
=LAS  \\$a15190$b40$c20230503$lBLL01$h1510

