=LDR  01454cas a2200457 i 4500
=001  021052950
=003  Uk
=005  20231017151853.0
=006  m\\\\\\\\d\\\\\\\\
=007  cr\|||||||||||
=008  230516c\\\\9999\\\\\\p\s\\\\\0\\\a0eng\\
=FMT  \\$a  SE
=022  \\$a2835-3153
=037  \\$aISSN_28353153_2$bPortico$nWiley
=040  \\$aUk$beng$cUk$erda
=082  04$a616.8$223
=245  00$aBrain X
=264  \1$a[Hoboken]$bWiley$c2023
=336  \\$atext$2rdacontent
=337  \\$acomputer$2rdamedia
=338  \\$aonline resource$2rdacarrier
=538  \\$aMode of access: World Wide Web.
=540  \\$aCurrent copyright fee: zero$c35\0$5Uk
=859  \\$aELD$bejournal
=856  \\$31850-9999$uhttp://onlinelibrary.wiley.com/$xBLDSS
=852  41$aBritish Library$bHMNTS$jELD Digital store$3Volume 1:Issue 1(2023)-
=945  \\$aBrain X
=979  \\$aBritish Library$bDSC$j2268.221800N
=CAT  \\$a12654$b40$c20230516$lBLL01$h1406
=CAT  \\$aBATCH-UNOA$c20230517$lBLL01$h0021
=CAT  \\$aBLDSS-3PM$b00$c20230523$lBLL01$h0915
=CAT  \\$aBATCH-UPD$b00$c20230523$lBLL01$h0932
=CAT  \\$a5410$b40$c20230608$lBLL01$h1432
=CAT  \\$a15190$b40$c20230925$lBLL01$h1534
=CAT  \\$a8055$b40$c20231017$lBLL01$h1518
=CFI  0\$aCurrent copyright fee: zero$c35\0$e16-may-2023$fGBP0.00$g0$hP$5Uk
=EST  \\$a1
=FFP  \\$aY$bBLDSS-3PM
=TOC  \\$aETOC
=UNO  \\$aY
=LAS  \\$a8055$b40$c20231017$lBLL01$h1518

