=LDR  01587cas a2200493 i 4500
=001  021056560
=003  Uk
=005  20231017163738.0
=006  m\\\\\\\\d\\\\\\\\
=007  cr\|||||||||||
=008  230518c\\\\9999\\\\\\p\s\\\\\0\\\a0eng\\
=FMT  \\$a  SE
=022  \\$a2834-2879
=037  \\$aISSN_28342879_2$bPortico$nWiley
=040  \\$aUk$beng$cUk$erda
=082  04$a616.0757$223
=245  00$aiRadiology
=264  \1$a[Hoboken]$bWiley$c2023
=336  \\$atext$2rdacontent
=337  \\$acomputer$2rdamedia
=338  \\$aonline resource$2rdacarrier
=538  \\$aMode of access: World Wide Web.
=540  \\$aCurrent copyright fee: zero$c35\0$5Uk
=859  \\$aELD$bejournal
=856  \\$31850-9999$uhttp://onlinelibrary.wiley.com/$xBLDSS
=852  41$aBritish Library$bHMNTS$jELD Digital store$3Volume 1:Number 1(2023)-
=945  \\$aiRadiology
=979  \\$aBritish Library$bDSC$j4567.507600N
=CAT  \\$a12654$b40$c20230518$lBLL01$h1411
=CAT  \\$a12654$b40$c20230518$lBLL01$h1412
=CAT  \\$aBLDSS-3PM$b00$c20230523$lBLL01$h0915
=CAT  \\$aBATCH-UPD$b00$c20230523$lBLL01$h0932
=CAT  \\$aBATCH-UNOA$c20230524$lBLL01$h0103
=CAT  \\$a5410$b40$c20230531$lBLL01$h1111
=CAT  \\$a15190$b40$c20230925$lBLL01$h1613
=CAT  \\$a8055$b40$c20231017$lBLL01$h1604
=CAT  \\$a8055$b40$c20231017$lBLL01$h1637
=CFI  0\$aCurrent copyright fee: zero$c35\0$e24-nov-2022$fGBP0.00$g0$hP$5Uk
=EST  \\$a1
=FFP  \\$aY$bBLDSS-3PM
=MNI  \\$a2834-2860
=TOC  \\$aETOC
=UNO  \\$aY
=LAS  \\$a8055$b40$c20231017$lBLL01$h1637

