=LDR  01555cas a2200469 i 4500
=001  021146062
=003  Uk
=005  20230927160748.0
=006  m\\\\\\\\d\\\\\\\\
=007  cr\|||||||||||
=008  230719c\\\\9999\\\\\\p\s\\\\\0\\\a0eng\\
=FMT  \\$a  SE
=022  \\$y2833-2059
=037  \\$aISSN_28332040_75$bPortico$nEmerald
=040  \\$aUk$beng$cUk$erda
=082  04$a370.711$223
=245  00$aPDS Partners: Bridging Research to Practice
=336  \\$atext$2rdacontent
=337  \\$acomputer$2rdamedia
=338  \\$aonline resource$2rdacarrier
=538  \\$aMode of access: World Wide Web.
=540  \\$aCurrent copyright fee: zero$c25\0$5Uk
=859  \\$aELD$bejournal
=856  \\$31850-9999$uhttp://www.emeraldinsight.com/$xBLDSS
=852  41$aBritish Library$bHMNTS$jELD Digital store$3Volume 18:Issue 1(2023)-
=945  \\$aPDS Partners: Bridging Research to Practice
=959  \\$fCurrently received
=979  \\$aBritish Library$bDSC$j6313.710500N
=CAT  \\$a12654$b40$c20230719$lBLL01$h1246
=CAT  \\$aBLDSS-3PM$b00$c20230724$lBLL01$h1251
=CAT  \\$aBATCH-UPD$b00$c20230724$lBLL01$h1254
=CAT  \\$a12654$b40$c20230725$lBLL01$h0807
=CAT  \\$aBATCH-UNOA$c20230726$lBLL01$h0120
=CAT  \\$a5410$b40$c20230802$lBLL01$h1129
=CAT  \\$a15190$b40$c20230927$lBLL01$h1607
=CFI  0\$aCurrent copyright fee: zero$c25\0$e19-jul-2023$fGBP0.00$g0$hP$5Uk
=EST  \\$a1
=FFP  \\$aY$bBLDSS-3PM
=MNI  \\$a2833-2040
=TOC  \\$aETOC
=UNO  \\$aY
=LAS  \\$a15190$b40$c20230927$lBLL01$h1607

