=LDR  01546cas a2200481 i 4500
=001  021204724
=003  Uk
=005  20231017163909.0
=006  m\\\\\\\\d\\\\\\\\
=007  cr\|||||||||||
=008  230911c\\\\9999\\\\\\p\s\\\\\0\\\a0eng\\
=FMT  \\$a  SE
=022  \\$a2834-4405
=037  \\$aISSN_28344405_2$bPortico$nWiley
=040  \\$aUk$beng$cUk$erda
=082  04$a610$223
=245  00$aMedicine advances
=264  \1$a[Hoboken]$bWiley$c2023
=336  \\$atext$2rdacontent
=337  \\$acomputer$2rdamedia
=338  \\$aonline resource$2rdacarrier
=538  \\$aMode of access: World Wide Web.
=540  \\$aCurrent copyright fee: zero$c35\0$5Uk
=859  \\$aELD$bejournal
=856  \\$31850-9999$uhttp://onlinelibrary.wiley.com/$xBLDSS
=852  41$aBritish Library$bHMNTS$jELD Digital store$3Volume 1:Issue 1(2023)-
=945  \\$aMedicine advances
=979  \\$aBritish Library$bDSC$j5534.004050N
=CAT  \\$a12654$b40$c20230911$lBLL01$h0950
=CAT  \\$aBATCH-UNOA$c20230913$lBLL01$h0242
=CAT  \\$aBLDSS-3PM$b00$c20230919$lBLL01$h0909
=CAT  \\$aBATCH-UPD$b00$c20230919$lBLL01$h1556
=CAT  \\$a15190$b40$c20230925$lBLL01$h1627
=CAT  \\$a5410$b40$c20230926$lBLL01$h1344
=CAT  \\$a8055$b40$c20231017$lBLL01$h1614
=CAT  \\$a8055$b40$c20231017$lBLL01$h1639
=CFI  0\$aCurrent copyright fee: zero$c35\0$e11-sep-2023$fGBP0.00$g0$hP$5Uk
=EST  \\$a1
=FFP  \\$aY$bBLDSS-3PM
=MNI  \\$a2834-4391
=TOC  \\$aETOC
=UNO  \\$aY
=LAS  \\$a8055$b40$c20231017$lBLL01$h1639

