=LDR  01455cas a2200457 i 4500
=001  021239465
=003  Uk
=005  20231017164107.0
=006  m\\\\\\\\d\\\\\\\\
=007  cr\|||||||||||
=008  231006c\\\\9999\\\\\\p\s\\\\\0\\\a0eng\\
=FMT  \\$a  SE
=022  \\$a2834-8966
=037  \\$aISSN_28348966_2$bPortico$nWiley
=040  \\$aUk$beng$cUk$erda
=245  00$aResponsive materials
=264  \1$a[Hoboken]$bWiley$c2023
=336  \\$atext$2rdacontent
=337  \\$acomputer$2rdamedia
=338  \\$aonline resource$2rdacarrier
=538  \\$aMode of access: World Wide Web.
=540  \\$aCurrent copyright fee: zero$c35\0$5Uk
=859  \\$aELD$bejournal
=856  \\$31850-9999$uhttp://onlinelibrary.wiley.com/$xBLDSS
=852  41$aBritish Library$bHMNTS$jELD Digital store
=945  \\$aResponsive materials
=979  \\$aBritish Library$bDSC$j7777.695550N
=CAT  \\$a12654$b40$c20231006$lBLL01$h1224
=CAT  \\$aBLDSS-3PM$b00$c20231010$lBLL01$h1521
=CAT  \\$aBATCH-UPD$b00$c20231010$lBLL01$h1522
=CAT  \\$aBATCH-UNOA$c20231011$lBLL01$h0054
=CAT  \\$a15190$b40$c20231016$lBLL01$h1607
=CAT  \\$a8055$b40$c20231017$lBLL01$h1617
=CAT  \\$a8055$b40$c20231017$lBLL01$h1641
=CFI  0\$aCurrent copyright fee: zero$c35\0$e06-oct-2023$fGBP0.00$g0$hP$5Uk
=EST  \\$a1
=FFP  \\$aY$bBLDSS-3PM
=MNI  \\$a2834-894X
=TOC  \\$aETOC
=UNO  \\$aY
=LAS  \\$a8055$b40$c20231017$lBLL01$h1641

